@book{womak:lean-thinking,
    author  = {James P. Womack, Daniel T. Jones},
    title   = {Lean Thinking, Second Editon},
    publisher = {Simon \& Schuster, Inc.},
    year    = {2010}
}

@online{site:agile-manifesto,
    title   = {Manifesto Agile},
    url     = {http://agilemanifesto.org/iso/it/}
}

@book{talbi:metaheuristics,
    author  = {El-Ghazali Talbi},
    title   = {Metaheuristics},
    publisher = {John Wiley \& Sons, Inc.},
    year    = {2009},
    pages = {76}
}

@book{gilmore:linear-programming,
    author  = {P. C. Gilmore and R. E. Gomory},
    title   = {Operations Research},
    volume = {9},
    publisher = {INFORMS},
    year    = {1961},
    pages = {849-859}
}

@book{jakobs:nesting,
    author  = {Stefan Jakobs},
    title   = {European Journal of Operational Research},
    volume = {88},
    publisher = {ELSEVIER},
    year    = {1996},
    pages = {165-181}
}

@book{talbi:ssb,
    author  = {El-Ghazali Talbi},
    title   = {Metaheuristics},
    publisher = {John Wiley \& Sons, Inc.},
    year    = {2009},
    pages = {94}
}